% Encoding: UTF-8

@Book{Katok2008,
  author    = {Anatole Katok and Vaughn Climenhaga},
  title     = {Lectures on Surfaces (Student Mathematical Library)},
  year      = {2008},
  publisher = {American Mathematical Society},
  isbn      = {0821846795},
  url       = {http://www.personal.psu.edu/axk29/Chapter1.pdf},
}

@Book{Close2001,
  author    = {Close, Charles M. and Frederick, Dean K. and Newell, Jonathan C.},
  title     = {Modeling and Analysis of Dynamic Systems},
  year      = {2001},
  date      = {2001-08-06},
  publisher = {John Wiley \& Sons},
  isbn      = {0471394424},
  pagetotal = {592},
  url       = {https://www.ebook.de/de/product/3019095/charles_m_close_dean_k_frederick_jonathan_c_newell_modeling_and_analysis_of_dynamic_systems.html},
  ean       = {9780471394426},
}

@Book{V.U.Bakshi2007,
  author    = {V.U.Bakshi and U.A.Bakshi},
  title     = {Control Enginnering},
  year      = {2007},
  publisher = {Technical Publications},
  isbn      = {9788184312935},
  url       = {https://books.google.co.uk/books?id=MRPJlb9MSuIC},
}

@Comment{jabref-meta: databaseType:biblatex;}
